@Article{Kaiju,
	author = {Menzel, P. and et al.},
	title = {Fast and sensitive taxonomic classification for metagenomics with Kaiju},
	journal = {Nature Communications},
	year= {2016},
	volume={7},
	pages={11257-}
},
@Article{CLARK-S,
	author = {Ounit, Rachid and Lonardi, Stefano},
	title = {Higher classification sensitivity of short metagenomic reads with CLARK-S},
	journal = {Bioinformatics},
	year = {2016},
	volume = {32},
	pages = {3823 - 3825}
}
@Article{Report,
	author = {Lindgreen, S. and et al.},
	title = {An evaluation of the accuracy and speed of metagenome analysis tools},
	journal = {Scientific Reports},
	year = {2016},
	volume = {6},
	pages = {19233 - }
}
@Article{Centrifuge,
	author = {Daehwan Kim, Li Song, Florian P. Breitwieser and et al.},
	title = {Centrifuge: rapid and sensitive classification of metagenomic sequences},
	journal = {Genome Research},
	year = {2016},
	volume = {26},
	pages = {1721 - 1729}
}
@Article{CLARK,
	author = {Ounit R, Wanamaker S, Close TJ, Lonardi S.},
	title = {CLARK: fast and accurate classification of metagenomic and genomic sequences using discriminative k-mers},
	journal = {BMC Genomics},
	volume = {16},
	year = {2015}
}
@Article{Kraken,
	title =	 {Kraken: ultrafast metagenomic sequence
	classification using exact alignments},
	author = {E. Wood, ,Derrick and L.Salzberg, ,Steven},
	journal = {Genome Biology 15:R46},
	year = {2014}
	
	}
}